<?xml version="1.0" encoding="UTF-8"?>
<collection
  xmlns:xsi="http://www.w3.org/2001/XMLSchema-instance"
  xsi:schemaLocation="http://www.loc.gov/MARC21/slim http://www.loc.gov/standards/marcxml/schema/MARC21slim.xsd"
  xmlns="http://www.loc.gov/MARC21/slim">

<record>
  <leader>11236ckdaa2201381 a 4500</leader>
  <controlfield tag="001">3462435</controlfield>
  <controlfield tag="005">20100226103448.0</controlfield>
  <controlfield tag="008">890608m19171918xx ||| |||||||   1k|eng d</controlfield>
  <datafield tag="035" ind1=" " ind2=" ">
    <subfield code="a">(OCoLC)84597564</subfield>
  </datafield>
  <datafield tag="035" ind1=" " ind2=" ">
    <subfield code="a">(OCoLC)ocm84597564</subfield>
  </datafield>
  <datafield tag="035" ind1=" " ind2=" ">
    <subfield code="a">(CStRLIN)NYDA89-F686</subfield>
  </datafield>
  <datafield tag="035" ind1=" " ind2=" ">
    <subfield code="9">AAA2906AD</subfield>
  </datafield>
  <datafield tag="035" ind1=" " ind2=" ">
    <subfield code="a">(NNC)3462435</subfield>
  </datafield>
  <datafield tag="040" ind1=" " ind2=" ">
    <subfield code="a">NNC</subfield>
    <subfield code="c">NNC</subfield>
    <subfield code="e">gihc</subfield>
  </datafield>
  <datafield tag="043" ind1=" " ind2=" ">
    <subfield code="a">n-us-ca</subfield>
  </datafield>
  <datafield tag="110" ind1="2" ind2=" ">
    <subfield code="a">Greene &amp; Greene.</subfield>
  </datafield>
  <datafield tag="240" ind1="1" ind2="0">
    <subfield code="a">T.A. Kramer house (South Pasadena, Calif.).</subfield>
    <subfield code="p">Alterations and garden</subfield>
  </datafield>
  <datafield tag="245" ind1="1" ind2="0">
    <subfield code="a">Addition to residence for T.A. Kramer Esq., South Pasadena, Cal.</subfield>
    <subfield code="h">[graphic] :</subfield>
    <subfield code="b">[and] garden /</subfield>
    <subfield code="c">Greene &amp; Greene, Architects.</subfield>
  </datafield>
  <datafield tag="260" ind1=" " ind2=" ">
    <subfield code="c">1917-[1918]</subfield>
  </datafield>
  <datafield tag="300" ind1=" " ind2=" ">
    <subfield code="a">54 sheets :</subfield>
    <subfield code="b">various media ;</subfield>
    <subfield code="c">83.9 x 91 cm (33 1/8 x 35 7/8 in.) or smaller.</subfield>
  </datafield>
  <datafield tag="500" ind1=" " ind2=" ">
    <subfield code="a">Date partially from inventory.</subfield>
  </datafield>
  <datafield tag="500" ind1=" " ind2=" ">
    <subfield code="a">Bracketed title elements supplied by cataloger or taken from inventory.</subfield>
  </datafield>
  <datafield tag="500" ind1=" " ind2=" ">
    <subfield code="a">Forms part of the Greene &amp; Greene collection of architectural drawings ; job no. 380.</subfield>
  </datafield>
  <datafield tag="500" ind1=" " ind2=" ">
    <subfield code="a">Most of the drawings in this set are encapsulated in mylar.Many of them sustained severe damage prior to encapsulation.</subfield>
  </datafield>
  <datafield tag="500" ind1=" " ind2=" ">
    <subfield code="a">This set consists of 25 pencil drawings on tracing paper, 7 pencil drawings on paper, 5 blueprints with pencil and crayon markings on paper, 5 ink and pencil drawings on tracing paper, 3 blueprints with pencil markings on paper, 3 pencil and crayon drawings on tracing paper, 2 pencil drawings with ink markings on tracing paper, 2 ink and ink wash and pencil drawings on tracing paper, 2 blueprints on paper, 1 ink drawing with pencil markings on tracing paper, 1 ink drawing on cloth, 1 sepia print on paper, and 1 blueline print with pencil and crayon on paper.</subfield>
  </datafield>
  <datafield tag="561" ind1=" " ind2=" ">
    <subfield code="a">Gift of Jean Murray Bangs (Mrs. Harwell Hamilton Harris), 1960; formerly the collection of Charles Sumner Greene.</subfield>
  </datafield>
  <datafield tag="650" ind1=" " ind2="7">
    <subfield code="a">Houses.</subfield>
    <subfield code="2">aat</subfield>
  </datafield>
  <datafield tag="650" ind1=" " ind2="7">
    <subfield code="a">Pergolas.</subfield>
    <subfield code="2">aat</subfield>
  </datafield>
  <datafield tag="650" ind1=" " ind2="7">
    <subfield code="a">Garden structures.</subfield>
    <subfield code="2">aat</subfield>
  </datafield>
  <datafield tag="650" ind1=" " ind2="7">
    <subfield code="a">Alterations.</subfield>
    <subfield code="2">aat</subfield>
  </datafield>
  <datafield tag="650" ind1=" " ind2="7">
    <subfield code="a">Gardens.</subfield>
    <subfield code="2">aat</subfield>
  </datafield>
  <datafield tag="650" ind1=" " ind2="7">
    <subfield code="a">Additions.</subfield>
    <subfield code="2">aat</subfield>
  </datafield>
  <datafield tag="650" ind1=" " ind2="7">
    <subfield code="a">Garages.</subfield>
    <subfield code="2">aat</subfield>
  </datafield>
  <datafield tag="650" ind1=" " ind2="7">
    <subfield code="a">Swimming pools.</subfield>
    <subfield code="2">aat</subfield>
  </datafield>
  <datafield tag="655" ind1=" " ind2="7">
    <subfield code="a">Detail drawings.</subfield>
    <subfield code="2">aat</subfield>
  </datafield>
  <datafield tag="655" ind1=" " ind2="7">
    <subfield code="a">Sketches.</subfield>
    <subfield code="2">aat</subfield>
  </datafield>
  <datafield tag="655" ind1=" " ind2="7">
    <subfield code="a">Site plans.</subfield>
    <subfield code="2">aat</subfield>
  </datafield>
  <datafield tag="655" ind1=" " ind2="7">
    <subfield code="a">Architectural drawings</subfield>
    <subfield code="x">American.</subfield>
    <subfield code="2">aat</subfield>
  </datafield>
  <datafield tag="655" ind1=" " ind2="7">
    <subfield code="a">Planting plans.</subfield>
    <subfield code="2">aat</subfield>
  </datafield>
  <datafield tag="655" ind1=" " ind2="7">
    <subfield code="a">Orthographic drawings.</subfield>
    <subfield code="2">aat</subfield>
  </datafield>
  <datafield tag="655" ind1=" " ind2="7">
    <subfield code="a">Topographic maps.</subfield>
    <subfield code="2">aat</subfield>
  </datafield>
  <datafield tag="691" ind1=" " ind2="0">
    <subfield code="a">South Pasadena (Calif.)</subfield>
  </datafield>
  <datafield tag="650" ind1=" " ind2="0">
    <subfield code="a">Architecture</subfield>
    <subfield code="z">United States</subfield>
    <subfield code="v">Designs and plans.</subfield>
  </datafield>
  <datafield tag="697" ind1="2" ind2="4">
    <subfield code="a">T.A. Kramer house (South Pasadena, Calif.)</subfield>
  </datafield>
  <datafield tag="700" ind1="1" ind2=" ">
    <subfield code="a">Greene, Charles Sumner,</subfield>
    <subfield code="d">1868-1957.</subfield>
  </datafield>
  <datafield tag="700" ind1="1" ind2=" ">
    <subfield code="a">Greene, Henry Mather,</subfield>
    <subfield code="d">1870-1954.</subfield>
  </datafield>
  <datafield tag="700" ind1="1" ind2=" ">
    <subfield code="a">Mote, M.</subfield>
  </datafield>
  <datafield tag="700" ind1="1" ind2=" ">
    <subfield code="a">Day, Clarence P.</subfield>
  </datafield>
  <datafield tag="700" ind1="1" ind2=" ">
    <subfield code="a">Rust, Edward H.</subfield>
  </datafield>
  <datafield tag="710" ind1="2" ind2=" ">
    <subfield code="a">Althouse Bros. Real Estate.</subfield>
  </datafield>
  <datafield tag="710" ind1="2" ind2=" ">
    <subfield code="a">Western Blind &amp; Screen Co.</subfield>
  </datafield>
  <datafield tag="755" ind1=" " ind2=" ">
    <subfield code="a">Pencil drawings.</subfield>
    <subfield code="2">aat</subfield>
  </datafield>
  <datafield tag="755" ind1=" " ind2=" ">
    <subfield code="a">Blueprints.</subfield>
    <subfield code="2">aat</subfield>
  </datafield>
  <datafield tag="755" ind1=" " ind2=" ">
    <subfield code="a">Ink drawings.</subfield>
    <subfield code="2">aat</subfield>
  </datafield>
  <datafield tag="755" ind1=" " ind2=" ">
    <subfield code="a">Crayon drawings.</subfield>
    <subfield code="2">aat</subfield>
  </datafield>
  <datafield tag="755" ind1=" " ind2=" ">
    <subfield code="a">Ink wash drawings.</subfield>
    <subfield code="2">aat</subfield>
  </datafield>
  <datafield tag="755" ind1=" " ind2=" ">
    <subfield code="a">Sepia prints.</subfield>
    <subfield code="2">aat</subfield>
  </datafield>
  <datafield tag="755" ind1=" " ind2=" ">
    <subfield code="a">Blueline prints.</subfield>
    <subfield code="2">aat</subfield>
  </datafield>
  <datafield tag="799" ind1="4" ind2="3">
    <subfield code="a">The Greene &amp; Greene collection of architectural drawings.</subfield>
  </datafield>
  <datafield tag="789" ind1="0" ind2=" ">
    <subfield code="1">[1]</subfield>
    <subfield code="i">NYDA.1960.001.02194.</subfield>
    <subfield code="v">[AVERYimage].</subfield>
    <subfield code="t">Foundation plan ; section[s] -- 12" wall, piers, 9" wall, porch wall.</subfield>
  </datafield>
  <datafield tag="789" ind1="0" ind2=" ">
    <subfield code="1">[2]</subfield>
    <subfield code="i">NYDA.1960.001.02195R.</subfield>
    <subfield code="v">[AVERYimage].</subfield>
    <subfield code="t">First floor plan.</subfield>
  </datafield>
  <datafield tag="789" ind1="0" ind2=" ">
    <subfield code="1">[3]</subfield>
    <subfield code="i">NYDA.1960.001.02195V.</subfield>
    <subfield code="v">[AVERYimage].</subfield>
    <subfield code="t">[Unidentified sketches].</subfield>
    <subfield code="o">Includes stamps -- "Althouse Bros. Real Estate".</subfield>
    <subfield code="o">Includes list of measurements for panels.</subfield>
  </datafield>
  <datafield tag="789" ind1="0" ind2=" ">
    <subfield code="1">[4]</subfield>
    <subfield code="i">NYDA.1960.001.02196.</subfield>
    <subfield code="v">[AVERYimage].</subfield>
    <subfield code="t">Second floor plan.</subfield>
  </datafield>
  <datafield tag="789" ind1="0" ind2=" ">
    <subfield code="1">[5]</subfield>
    <subfield code="i">NYDA.1960.001.02197.</subfield>
    <subfield code="v">[AVERYimage].</subfield>
    <subfield code="t">[Third floor plan]</subfield>
  </datafield>
  <datafield tag="789" ind1="0" ind2=" ">
    <subfield code="1">[6]</subfield>
    <subfield code="i">NYDA.1960.001.02198.</subfield>
    <subfield code="v">[AVERYimage].</subfield>
    <subfield code="t">Front elevation.</subfield>
    <subfield code="o">"Althouse Bros., N.W. cor. Spruce &amp; Milan".</subfield>
  </datafield>
  <datafield tag="789" ind1="0" ind2=" ">
    <subfield code="1">[7]</subfield>
    <subfield code="i">NYDA.1960.001.02199.</subfield>
    <subfield code="v">[AVERYimage].</subfield>
    <subfield code="t">Right elevation.</subfield>
  </datafield>
  <datafield tag="789" ind1="0" ind2=" ">
    <subfield code="1">[8]</subfield>
    <subfield code="i">NYDA.1960.001.02200.</subfield>
    <subfield code="v">[AVERYimage].</subfield>
    <subfield code="t">Rear elevation.</subfield>
  </datafield>
  <datafield tag="789" ind1="0" ind2=" ">
    <subfield code="1">[9]</subfield>
    <subfield code="i">NYDA.1960.001.02201.</subfield>
    <subfield code="v">[AVERYimage].</subfield>
    <subfield code="t">Side elevation.</subfield>
  </datafield>
  <datafield tag="789" ind1="0" ind2=" ">
    <subfield code="1">[10]</subfield>
    <subfield code="i">NYDA.1960.001.02202.</subfield>
    <subfield code="v">[AVERYimage].</subfield>
    <subfield code="t">Details [in sections] of [(portion missing)]ce roll screen [for] casement windows /</subfield>
    <subfield code="c">manufactured by Western Blind &amp; Screen Co.</subfield>
  </datafield>
  <datafield tag="789" ind1="0" ind2=" ">
    <subfield code="1">[11]</subfield>
    <subfield code="i">NYDA.1960.001.02203.</subfield>
    <subfield code="v">[AVERYimage].</subfield>
    <subfield code="t">Foundation pla[n ; details in sections], plan, [and] eleva[tion] :</subfield>
    <subfield code="n">Sheet no. 1.</subfield>
  </datafield>
  <datafield tag="789" ind1="0" ind2=" ">
    <subfield code="1">[12]</subfield>
    <subfield code="i">NYDA.1960.001.02204.</subfield>
    <subfield code="v">[AVERYimage].</subfield>
    <subfield code="t">F[irs]t floor plan ; chimney detail [in section] :</subfield>
    <subfield code="n">Sheet no. 2.</subfield>
    <subfield code="o">"New work [show]n in plain lines, old work [show]n in dim lines".</subfield>
  </datafield>
  <datafield tag="789" ind1="0" ind2=" ">
    <subfield code="1">[13]</subfield>
    <subfield code="i">NYDA.1960.001.02205.</subfield>
    <subfield code="v">[AVERYimage].</subfield>
    <subfield code="t">Second floor plan ; second fl. interior deta[ils] -- case in closet off dressing rm., clos[et] off bedroom, med[icine] case in dressing rm., side of sleeping porch, towel case in bathr'm :</subfield>
    <subfield code="n">Sheet no. 3.</subfield>
    <subfield code="o">"New work shown in plain lines, old work shown in dim lines".</subfield>
  </datafield>
  <datafield tag="789" ind1="0" ind2=" ">
    <subfield code="1">[14]</subfield>
    <subfield code="i">NYDA.1960.001.02206.</subfield>
    <subfield code="v">[AVERYimage].</subfield>
    <subfield code="t">Eas[t] elevation :</subfield>
    <subfield code="n">Sheet no. 4.</subfield>
    <subfield code="o">"New work shown [in pl]ain lines, old work shown [in dim] lines".</subfield>
  </datafield>
  <datafield tag="789" ind1="0" ind2=" ">
    <subfield code="1">[15]</subfield>
    <subfield code="i">NYDA.1960.001.02207.</subfield>
    <subfield code="v">[AVERYimage].</subfield>
    <subfield code="t">North [el]evation :</subfield>
    <subfield code="n">Sheet no. 5.</subfield>
    <subfield code="o">"New work shown in plain lines, old work shown in dim lines".</subfield>
  </datafield>
  <datafield tag="789" ind1="0" ind2=" ">
    <subfield code="1">[16]</subfield>
    <subfield code="i">NYDA.1960.001.02208.</subfield>
    <subfield code="v">[AVERYimage].</subfield>
    <subfield code="t">West elevation :</subfield>
    <subfield code="n">Sheet no. 6.</subfield>
    <subfield code="o">"New work shown in plain lines, old work shown in dim lines".</subfield>
  </datafield>
  <datafield tag="789" ind1="0" ind2=" ">
    <subfield code="1">[17]</subfield>
    <subfield code="i">NYDA.1960.001.02209.</subfield>
    <subfield code="v">[AVERYimage].</subfield>
    <subfield code="t">First [flo]or interior details -- west, south, north, [and] east [elevations of] library ; east side of [gar]den room :</subfield>
    <subfield code="n">Sheet no. 7.</subfield>
    <subfield code="o">"[Ne]w work shown in clear lines, [ol]d work shown in dim lines'.</subfield>
  </datafield>
  <datafield tag="789" ind1="0" ind2=" ">
    <subfield code="1">[18]</subfield>
    <subfield code="i">NYDA.1960.001.02210.</subfield>
    <subfield code="v">[AVERYimage].</subfield>
    <subfield code="t">Garden room d[eta]ils -- north, west [with] side view, south ; chimney details -- plan of fireplace [on] 1st fl., plan of chimney [at] 2nd fl., plan of c[himney] above r[oof, section through] wood box :</subfield>
    <subfield code="n">Sheet no. 8.</subfield>
    <subfield code="o">"See sheet no. 2 for section thru fire box, etc.".</subfield>
  </datafield>
  <datafield tag="789" ind1="0" ind2=" ">
    <subfield code="1">[19]</subfield>
    <subfield code="i">NYDA.1960.001.02211.</subfield>
    <subfield code="v">[AVERYimage].</subfield>
    <subfield code="t">[Full size section through window frame] -- head, meeting, sill :</subfield>
    <subfield code="n">Sheet no. 9.</subfield>
    <subfield code="o">"Note -- all new interior trim to match old trim".</subfield>
    <subfield code="o">"Note -- sash to be blocked up at bottom to give position at top as shown".</subfield>
  </datafield>
  <datafield tag="789" ind1="0" ind2=" ">
    <subfield code="1">[20]</subfield>
    <subfield code="i">NYDA.1960.001.02212.</subfield>
    <subfield code="v">[AVERYimage].</subfield>
    <subfield code="t">F.S. details of garden room windows -- sill, jamb, head, sash meeting stiles, elevation of inside of head, mullion between north doors and windows :</subfield>
    <subfield code="n">Sheet no. 10.</subfield>
  </datafield>
  <datafield tag="789" ind1="0" ind2=" ">
    <subfield code="1">[21]</subfield>
    <subfield code="i">NYDA.1960.001.02213.</subfield>
    <subfield code="v">[AVERYimage].</subfield>
    <subfield code="t">F.S. details of double-hung windows -- head, jamb, sill :</subfield>
    <subfield code="n">Sheet no. 11.</subfield>
  </datafield>
  <datafield tag="789" ind1="0" ind2=" ">
    <subfield code="1">[22]</subfield>
    <subfield code="i">NYDA.1960.001.02214.</subfield>
    <subfield code="v">[AVERYimage].</subfield>
    <subfield code="t">F.S. detail of chimney stay-rod :</subfield>
    <subfield code="n">Sheet no. 12.</subfield>
  </datafield>
  <datafield tag="789" ind1="0" ind2=" ">
    <subfield code="1">[23]</subfield>
    <subfield code="i">NYDA.1960.001.02215.</subfield>
    <subfield code="v">[AVERYimage].</subfield>
    <subfield code="t">Sketch of glass arrangement for tall bookcase doors ;</subfield>
    <subfield code="n">Sheet no. 13.</subfield>
  </datafield>
  <datafield tag="789" ind1="0" ind2=" ">
    <subfield code="1">[24]</subfield>
    <subfield code="i">NYDA.1960.001.02216.</subfield>
    <subfield code="v">[AVERYimage].</subfield>
    <subfield code="t">[Sketch of glass arrangement for] old doors.</subfield>
  </datafield>
  <datafield tag="789" ind1="0" ind2=" ">
    <subfield code="1">[25]</subfield>
    <subfield code="i">NYDA.1960.001.02217.</subfield>
    <subfield code="v">[AVERYimage].</subfield>
    <subfield code="t">Doors betwe[en li]brary and garden room [in full size] section :</subfield>
    <subfield code="n">Sheet no. 14.</subfield>
  </datafield>
  <datafield tag="789" ind1="0" ind2=" ">
    <subfield code="1">[26]</subfield>
    <subfield code="i">NYDA.1960.001.02218.</subfield>
    <subfield code="v">[AVERYimage].</subfield>
    <subfield code="t">F.S. detail[s of be]ams in garden room -- section, side :</subfield>
    <subfield code="n">Sheet no. 15.</subfield>
  </datafield>
  <datafield tag="789" ind1="0" ind2=" ">
    <subfield code="1">[27]</subfield>
    <subfield code="i">NYDA.1960.001.02219.</subfield>
    <subfield code="v">[AVERYimage].</subfield>
    <subfield code="t">[F.]S. details of mantel and bookcases in g[arden ro]om :</subfield>
    <subfield code="n">[Sheet no. 1]6.</subfield>
  </datafield>
  <datafield tag="789" ind1="0" ind2=" ">
    <subfield code="1">[28]</subfield>
    <subfield code="i">NYDA.1960.001.02220.</subfield>
    <subfield code="v">[AVERYimage].</subfield>
    <subfield code="t">[D]etails of dressing-room &amp; shower -- F.S. section of door jamb &amp; corner of partition, F.S. section of outside corner, elevation of south side [with full size detail], section on line A-A, plan :</subfield>
    <subfield code="n">Sheet no. 17.</subfield>
  </datafield>
  <datafield tag="789" ind1="0" ind2=" ">
    <subfield code="1">[29]</subfield>
    <subfield code="i">NYDA.1960.001.02221.</subfield>
    <subfield code="v">[AVERYimage].</subfield>
    <subfield code="t">F.S. detail of gazing globe pedestal :</subfield>
    <subfield code="n">Sheet no. 28.</subfield>
  </datafield>
  <datafield tag="789" ind1="0" ind2=" ">
    <subfield code="1">[30]</subfield>
    <subfield code="i">NYDA.1960.001.02222.</subfield>
    <subfield code="v">[AVERYimage].</subfield>
    <subfield code="t">Full size detail [of andiron] -- front, side :</subfield>
    <subfield code="n">18.</subfield>
    <subfield code="o">"Wrought iron forged, 1 pair".</subfield>
  </datafield>
  <datafield tag="789" ind1="0" ind2=" ">
    <subfield code="1">[31]</subfield>
    <subfield code="i">NYDA.1960.001.02223.</subfield>
    <subfield code="v">[AVERYimage].</subfield>
    <subfield code="t">[Unidentified rough sketch].</subfield>
    <subfield code="o">Drawing done on end paper for roll of drawings.</subfield>
    <subfield code="o">On verso -- "Althouse Bros., 1725 Spruce St., So. Pasadena".</subfield>
  </datafield>
  <datafield tag="789" ind1="0" ind2=" ">
    <subfield code="1">[32]</subfield>
    <subfield code="i">NYDA.1960.001.02224.</subfield>
    <subfield code="v">[AVERYimage].</subfield>
    <subfield code="t">[Unidentified stair detail]</subfield>
  </datafield>
  <datafield tag="789" ind1="0" ind2=" ">
    <subfield code="1">[33]</subfield>
    <subfield code="i">NYDA.1960.001.02225R.</subfield>
    <subfield code="v">[AVERYimage].</subfield>
    <subfield code="t">[Unidentified detail sketches]</subfield>
  </datafield>
  <datafield tag="789" ind1="0" ind2=" ">
    <subfield code="1">[34]</subfield>
    <subfield code="i">NYDA.1960.001.02225V.</subfield>
    <subfield code="v">[AVERYimage].</subfield>
    <subfield code="t">[Unidentified detail sketches].</subfield>
    <subfield code="o">Drawing done on paper sign reading "This material furnished by Hammond Lumber Company".</subfield>
  </datafield>
  <datafield tag="789" ind1="0" ind2=" ">
    <subfield code="1">[35]</subfield>
    <subfield code="i">NYDA.1960.001.02226R.</subfield>
    <subfield code="v">[AVERYimage].</subfield>
    <subfield code="t">[Unidentified rough sketches]</subfield>
  </datafield>
  <datafield tag="789" ind1="0" ind2=" ">
    <subfield code="1">[36]</subfield>
    <subfield code="i">NYDA.1960.001.02226V.</subfield>
    <subfield code="v">[AVERYimage].</subfield>
    <subfield code="t">[Unidentified rough sketch]</subfield>
  </datafield>
  <datafield tag="789" ind1="0" ind2=" ">
    <subfield code="1">[37]</subfield>
    <subfield code="i">NYDA.1960.001.02227.</subfield>
    <subfield code="v">[AVERYimage].</subfield>
    <subfield code="t">[Unidentified sketch]</subfield>
  </datafield>
  <datafield tag="789" ind1="0" ind2=" ">
    <subfield code="1">[38]</subfield>
    <subfield code="i">NYDA.1960.001.02229.</subfield>
    <subfield code="v">[AVERYimage].</subfield>
    <subfield code="t">View [of grounds] lookin[g east]</subfield>
  </datafield>
  <datafield tag="789" ind1="0" ind2=" ">
    <subfield code="1">[39]</subfield>
    <subfield code="i">NYDA.1960.001.02230.</subfield>
    <subfield code="v">[AVERYimage].</subfield>
    <subfield code="t">[View of grounds look]ing west.</subfield>
    <subfield code="o">"SC2".</subfield>
  </datafield>
  <datafield tag="789" ind1="0" ind2=" ">
    <subfield code="1">[40]</subfield>
    <subfield code="i">NYDA.1960.001.02231.</subfield>
    <subfield code="v">[AVERYimage].</subfield>
    <subfield code="t">Vie[w of grounds loo]king north.</subfield>
  </datafield>
  <datafield tag="789" ind1="0" ind2=" ">
    <subfield code="1">[41]</subfield>
    <subfield code="i">NYDA.1960.001.02232.</subfield>
    <subfield code="v">[AVERYimage].</subfield>
    <subfield code="t">[Plan and elevation of garage and clothes yard]</subfield>
  </datafield>
  <datafield tag="789" ind1="0" ind2=" ">
    <subfield code="1">[42]</subfield>
    <subfield code="i">NYDA.1960.001.02233.</subfield>
    <subfield code="v">[AVERYimage].</subfield>
    <subfield code="t">[Plan and elevation of curved garden seat opposite gazing globe]</subfield>
  </datafield>
  <datafield tag="789" ind1="0" ind2=" ">
    <subfield code="1">[43]</subfield>
    <subfield code="i">NYDA.1960.001.02234.</subfield>
    <subfield code="v">[AVERYimage].</subfield>
    <subfield code="t">[Sketches of elevation and details of garden plantings]</subfield>
  </datafield>
  <datafield tag="789" ind1="0" ind2=" ">
    <subfield code="1">[44]</subfield>
    <subfield code="i">NYDA.1960.001.02235.</subfield>
    <subfield code="v">[AVERYimage].</subfield>
    <subfield code="t">[Sketch of plan of flowerbeds between garage and back of house].</subfield>
    <subfield code="o">Drawing done on verso of stationery of "Edward H. Rust, nurseryman".</subfield>
  </datafield>
  <datafield tag="789" ind1="0" ind2=" ">
    <subfield code="1">[45]</subfield>
    <subfield code="i">NYDA.1960.001.02236.</subfield>
    <subfield code="v">[AVERYimage].</subfield>
    <subfield code="t">Topographical map [of] property [showing placement of trees and garden structures] /</subfield>
    <subfield code="c">drawn by M. Mote ; approved [by] Clarence P. Day,</subfield>
    <subfield code="d">June 22, 1917.</subfield>
    <subfield code="o">"File no. 1572".</subfield>
  </datafield>
  <datafield tag="789" ind1="0" ind2=" ">
    <subfield code="1">[46]</subfield>
    <subfield code="i">NYDA.1960.001.02237.</subfield>
    <subfield code="v">[AVERYimage].</subfield>
    <subfield code="t">Garden plan :</subfield>
    <subfield code="n">Sheet no. 23.</subfield>
    <subfield code="o">Includes "Planting list".</subfield>
  </datafield>
  <datafield tag="789" ind1="0" ind2=" ">
    <subfield code="1">[47]</subfield>
    <subfield code="i">NYDA.1960.001.02238.</subfield>
    <subfield code="v">[AVERYimage].</subfield>
    <subfield code="t">Garden plan :</subfield>
    <subfield code="n">[Sheet] no. 23.</subfield>
    <subfield code="o">Includes "Planting list".</subfield>
  </datafield>
  <datafield tag="789" ind1="0" ind2=" ">
    <subfield code="1">[48]</subfield>
    <subfield code="i">NYDA.1960.001.02239.</subfield>
    <subfield code="v">[AVERYimage].</subfield>
    <subfield code="t">Planting plan, garden :</subfield>
    <subfield code="n">Sheet no. 23.</subfield>
  </datafield>
  <datafield tag="789" ind1="0" ind2=" ">
    <subfield code="1">[49]</subfield>
    <subfield code="i">NYDA.1960.001.02240.</subfield>
    <subfield code="v">[AVERYimage].</subfield>
    <subfield code="t">Garden plan, scheme no. 1 :</subfield>
    <subfield code="n">Sheet no. 19.</subfield>
  </datafield>
  <datafield tag="789" ind1="0" ind2=" ">
    <subfield code="1">[50]</subfield>
    <subfield code="i">NYDA.1960.001.02241.</subfield>
    <subfield code="v">[AVERYimage].</subfield>
    <subfield code="t">Garden [plan], scheme 2.</subfield>
  </datafield>
  <datafield tag="789" ind1="0" ind2=" ">
    <subfield code="1">[51]</subfield>
    <subfield code="i">NYDA.1960.001.02242R.</subfield>
    <subfield code="v">[AVERYimage].</subfield>
    <subfield code="t">Sprinkler system [plan for grounds]</subfield>
  </datafield>
  <datafield tag="789" ind1="0" ind2=" ">
    <subfield code="1">[52]</subfield>
    <subfield code="i">NYDA.1960.001.02242V.</subfield>
    <subfield code="v">[AVERYimage].</subfield>
    <subfield code="t">[Unidentified rough sketch]</subfield>
  </datafield>
  <datafield tag="789" ind1="0" ind2=" ">
    <subfield code="1">[53]</subfield>
    <subfield code="i">NYDA.1960.001.02243.</subfield>
    <subfield code="v">[AVERYimage].</subfield>
    <subfield code="t">[Plan of] swimming pool [area, from scheme 2 for garden]</subfield>
  </datafield>
  <datafield tag="789" ind1="0" ind2=" ">
    <subfield code="1">[54]</subfield>
    <subfield code="i">NYDA.1960.001.02244.</subfield>
    <subfield code="v">[AVERYimage].</subfield>
    <subfield code="t">[Detail of garden plan showing gazing globe and curved seat]</subfield>
  </datafield>
  <datafield tag="789" ind1="0" ind2=" ">
    <subfield code="1">[55]</subfield>
    <subfield code="i">NYDA.1960.001.02245.</subfield>
    <subfield code="v">[AVERYimage].</subfield>
    <subfield code="t">Pergola details -- plan, side [and] end elevation[s, full size details of] cap [and] base [for supports] :</subfield>
    <subfield code="n">Sheet no. 20.</subfield>
  </datafield>
  <datafield tag="789" ind1="0" ind2=" ">
    <subfield code="1">[56]</subfield>
    <subfield code="i">NYDA.1960.001.02246.</subfield>
    <subfield code="v">[AVERYimage].</subfield>
    <subfield code="t">Paved terrace under oak tree -- plan, side [and] end [elevations], section "A-A", [detail of] pier cap, section thro' step :</subfield>
    <subfield code="n">Sheet no. 23.</subfield>
  </datafield>
  <datafield tag="789" ind1="0" ind2=" ">
    <subfield code="1">[57]</subfield>
    <subfield code="i">NYDA.1960.001.02247.</subfield>
    <subfield code="v">[AVERYimage].</subfield>
    <subfield code="t">[Paved terrace detail sketch]</subfield>
  </datafield>
  <datafield tag="789" ind1="0" ind2=" ">
    <subfield code="1">[58]</subfield>
    <subfield code="i">NYDA.1960.001.02248.</subfield>
    <subfield code="v">[AVERYimage].</subfield>
    <subfield code="t">Details [for] pergola beams -- F.S. rafter cut, [F.]S. cut for large beams :</subfield>
    <subfield code="n">Sheet no. 21.</subfield>
  </datafield>
  <datafield tag="900" ind1=" " ind2=" ">
    <subfield code="a">AUTH</subfield>
  </datafield>
</record>

</collection>